

@article{svoboda05,
    author  = "Svoboda, Tomáš and Martinec, Daniel and Pajdla, Tomáš",
    title   = "A Convenient Multi-Camera Self-Calibration for Virtual Environments",
    year    = "2005"
}

@article{svoboda04,
    author  = "Martinec, Daniel and Pajdla, Tomáš",
    title   = "Structure from Many Perspective Images with Occlusions",
    year    = "2002"
}

@article{jacobs99,
    author  = "David W. Jacobs",
    title   = "Linear Fitting with Missing Data for Structure-from-Motion",
    year    = "1999"
}

@article{hartley95,
    author  = "Richard Hartley",
    title   = "In Defence of the 8-point Algorithm",
    year    = "1995"
}

@article{stewenius06,
  author = {Stew\'enius, Henrik and Engels, Christopher and Nist\'er, David},
  title = {Recent Developments on Direct Relative Orientation},
  year = 2006
}

@article{sturm96,
  author = {Peter Sturm and Bill Triggs},
  title = {A Factorization Based Algorithm for Multi-Image Projective Structure and
Motion},
  year = 1996
}

@article{han00,
  author = {Mei Han and Takeo Kanade},
  title = {Creating 3D Models with Uncalibrated Cameras},
  year = 2000
}

@misc{simek12,
  author = {Kyle Simek},
  title = {Dissecting the Camera Matrix},
  year = 2012,
  howpublished = "\url{http://ksimek.github.io/2012/08/14/decompose/}",
  urldate = {2016-10-02}
}
